<record><leader>00000cas a22000007a 4500</leader><controlfield tag="001">10939805</controlfield><controlfield tag="008">840712d18471853njudn ne      0    0eng  </controlfield><controlfield tag="009">466</controlfield><datafield ind1=" " ind2=" " tag="010"><subfield code="a">sn 84020486 </subfield></datafield><datafield ind1=" " ind2=" " tag="040"><subfield code="a">DLC</subfield><subfield code="b">eng</subfield><subfield code="c">DLC</subfield><subfield code="d">NPX</subfield><subfield code="d">NPA</subfield><subfield code="d">NJW</subfield><subfield code="d">DLC</subfield><subfield code="d">OCLCQ</subfield><subfield code="d">KRTAS</subfield></datafield><datafield ind1="1" ind2=" " tag="029"><subfield code="a">AU@</subfield><subfield code="b">000026221963</subfield></datafield><datafield ind1=" " ind2=" " tag="042"><subfield code="a">msc</subfield></datafield><datafield ind1="0" ind2="0" tag="050"><subfield code="a">Newspaper</subfield></datafield><datafield ind1="0" ind2="0" tag="245"><subfield code="a">Newark morning eagle.</subfield></datafield><datafield ind1="3" ind2="0" tag="246"><subfield code="a">Newark eagle</subfield></datafield><datafield ind1=" " ind2=" " tag="260"><subfield code="a">Newark, N.J. :</subfield><subfield code="b">E.O. &amp; R. Crowell,</subfield><subfield code="c">1847-</subfield></datafield><datafield ind1=" " ind2=" " tag="300"><subfield code="a">v. ;</subfield><subfield code="c">54 cm.</subfield></datafield><datafield ind1=" " ind2=" " tag="310"><subfield code="a">Daily (except Sun.)</subfield></datafield><datafield ind1="0" ind2=" " tag="362"><subfield code="a">Vol. 1, no. 1 (June 10, 1847)-</subfield></datafield><datafield ind1="1" ind2=" " tag="362"><subfield code="a">Ceased with June 11, 1853 issue.</subfield></datafield><datafield ind1=" " ind2=" " tag="500"><subfield code="a">Publishers: E.O. &amp; R. Crowell, &lt;1847&gt;; Crowell &amp; Carll, &lt;1852&gt;.</subfield></datafield><datafield ind1=" " ind2=" " tag="500"><subfield code="a">Editor: Charles K. Bishop, &lt;1852&gt;.</subfield></datafield><datafield ind1=" " ind2=" " tag="500"><subfield code="a">"Democratic."</subfield></datafield><datafield ind1=" " ind2=" " tag="752"><subfield code="a">United States</subfield><subfield code="b">New Jersey</subfield><subfield code="c">Essex</subfield><subfield code="d">Newark.</subfield></datafield><datafield ind1="0" ind2=" " tag="775"><subfield code="t">Weekly New-Jersey eagle</subfield><subfield code="w">(DLC)sn 85036053</subfield><subfield code="w">(OCoLC)13084953</subfield></datafield><datafield ind1="0" ind2=" " tag="775"><subfield code="t">New Jersey eagle (Newark, N.J. : 1849)</subfield><subfield code="w">(DLC)sn 85036054</subfield><subfield code="w">13084969</subfield></datafield><datafield ind1="0" ind2="0" tag="780"><subfield code="t">New Jersey eagle (Newark, N.J. : 1845)</subfield><subfield code="w">(DLC)sn 84020485</subfield><subfield code="w">10939768</subfield></datafield><datafield ind1="0" ind2="0" tag="785"><subfield code="t">Newark daily eagle</subfield><subfield code="w">(DLC)sn 85025418</subfield><subfield code="w">(OCoLC)11735388</subfield></datafield><datafield ind1=" " ind2=" " tag="938"><subfield code="a">Kirtas Technologies, Inc.</subfield><subfield code="b">KRTS</subfield><subfield code="n">738608</subfield></datafield></record>